<?xml version="1.0" encoding="UTF-8"?><record xmlns="http://www.loc.gov/MARC21/slim" xmlns:cinclude="http://apache.org/cocoon/include/1.0" xmlns:zs="http://www.loc.gov/zing/srw/">
  <leader>00373cz  a2200133n  4500</leader>
  <controlfield tag="001">n  00005903 </controlfield>
  <controlfield tag="003">DLC</controlfield>
  <controlfield tag="005">20110818074626.0</controlfield>
  <controlfield tag="008">001017n| acannaabn          |a aaa      </controlfield>
  <datafield tag="010" ind1=" " ind2=" ">
    <subfield code="a">n  00005903 </subfield>
  </datafield>
  <datafield tag="040" ind1=" " ind2=" ">
    <subfield code="a">DLC</subfield>
    <subfield code="b">eng</subfield>
    <subfield code="c">DLC</subfield>
    <subfield code="d">DLC</subfield>
  </datafield>
  <datafield tag="100" ind1="1" ind2=" ">
    <subfield code="a">Giudici, Vittorio.</subfield>
    <subfield code="t">Cappella Sistina.</subfield>
    <subfield code="l">English</subfield>
  </datafield>
  <datafield tag="400" ind1="1" ind2=" ">
    <subfield code="a">Giudici, Vittorio.</subfield>
    <subfield code="t">Sistine Chapel</subfield>
  </datafield>
  <datafield tag="670" ind1=" " ind2=" ">
    <subfield code="a">His The Sistine Chapel, 2000.</subfield>
  </datafield>
</record>